
@article{cantore2021missing,
  title={The missing link: monetary policy and the labor share},
  author={Cantore, Cristiano and Ferroni, Filippo and Le{\'o}n-Ledesma, Miguel},
  journal={Journal of the European Economic Association},
  volume={19},
  number={3},
  pages={1592--1620},
  year={2021},
  publisher={Oxford University Press}
}

@article{nekarda2020cyclical,
  title={The Cyclical Behavior of the Price-Cost Markup},
  author={Nekarda, Christopher J and Ramey, Valerie A},
  journal={Journal of Money, Credit and Banking},
  volume={52},
  number={S2},
  pages={319--353},
  year={2020},
  publisher={Wiley Online Library}
}


@techreport{kaplan2020markups,
  title={Markups, Labor Market Inequality and the Nature of Work},
  author={Kaplan, Greg and Zoch, Piotr},
  year={2020},
  institution={National Bureau of Economic Research}
}

@article{smets2007shocks,
  title={Shocks and frictions in US business cycles: A Bayesian DSGE approach},
  author={Smets, Frank and Wouters, Rafael},
  journal={American economic review},
  volume={97},
  number={3},
  pages={586--606},
  year={2007}
}


@article{calvo1983staggered,
  title={Staggered prices in a utility-maximizing framework},
  author={Calvo, Guillermo A},
  journal={Journal of monetary Economics},
  volume={12},
  number={3},
  pages={383--398},
  year={1983},
  publisher={Elsevier}
}


@article{broer2020new,
  title={The New Keynesian transmission mechanism: A heterogeneous-agent perspective},
  author={Broer, Tobias and Harbo Hansen, Niels-Jakob and Krusell, Per and {\"O}berg, Erik},
  journal={The Review of Economic Studies},
  volume={87},
  number={1},
  pages={77--101},
  year={2020},
  publisher={Oxford University Press}
}

@article{schmitt2005optimal,
  title={Optimal fiscal and monetary policy in a medium-scale macroeconomic model},
  author={Schmitt-Groh{\'e}, Stephanie and Uribe, Martin},
  journal={NBER Macroeconomics Annual},
  volume={20},
  pages={383--425},
  year={2005},
  publisher={MIT Press}
}

@article{greenwood1988investment,
  title={Investment, capacity utilization, and the real business cycle},
  author={Greenwood, Jeremy and Hercowitz, Zvi and Huffman, Gregory W},
  journal={The American Economic Review},
  pages={402--417},
  year={1988},
  publisher={JSTOR}
}

@article{bayer2019precautionary,
  title={Precautionary savings, illiquid assets, and the aggregate consequences of shocks to household income risk},
  author={Bayer, Christian and L{\"u}tticke, Ralph and Pham-Dao, Lien and Tjaden, Volker},
  journal={Econometrica},
  volume={87},
  number={1},
  pages={255--290},
  year={2019},
  publisher={Wiley Online Library}
}

@article{bayer2020shocks,
  title={Shocks, frictions, and inequality in US business cycles},
  author={Bayer, Christian and Born, Benjamin and Luetticke, Ralph},
  year={2020},
  publisher={CEPR Discussion Paper No. DP14364}
}

@article{ravn2021macroeconomic,
  title={Macroeconomic fluctuations with HANK \& SAM: An analytical approach},
  author={Ravn, Morten O and Sterk, Vincent},
  journal={Journal of the European Economic Association},
  volume={19},
  number={2},
  pages={1162--1202},
  year={2021},
  publisher={Oxford University Press}
}

@article{schmitt2004solving,
  title={Solving dynamic general equilibrium models using a second-order approximation to the policy function},
  author={Schmitt-Groh{\'e}, Stephanie and Uribe, Mart{\i}n},
  journal={Journal of economic dynamics and control},
  volume={28},
  number={4},
  pages={755--775},
  year={2004},
  publisher={Elsevier}
}

@article{bayer2020solving,
  title={Solving discrete time heterogeneous agent models with aggregate risk and many idiosyncratic states by perturbation},
  author={Bayer, Christian and Luetticke, Ralph},
  journal={Quantitative Economics},
  volume={11},
  number={4},
  pages={1253--1288},
  year={2020},
  publisher={Wiley Online Library}
}

@article{castaneda2003accounting,
  title={Accounting for the US earnings and wealth inequality},
  author={Castaneda, Ana and Diaz-Gimenez, Javier and Rios-Rull, Jose-Victor},
  journal={Journal of political economy},
  volume={111},
  number={4},
  pages={818--857},
  year={2003},
  publisher={The University of Chicago Press}
}

@article{kaplan2018monetary,
  title={Monetary policy according to HANK},
  author={Kaplan, Greg and Moll, Benjamin and Violante, Giovanni L},
  journal={American Economic Review},
  volume={108},
  number={3},
  pages={697--743},
  year={2018}
}
@article{chetty2011micro,
  title={Are micro and macro labor supply elasticities consistent? A review of evidence on the intensive and extensive margins},
  author={Chetty, Raj and Guren, Adam and Manoli, Day and Weber, Andrea},
  journal={American Economic Review},
  volume={101},
  number={3},
  pages={471--75},
  year={2011}
}

@article{storesletten2004cyclical,
  title={Cyclical dynamics in idiosyncratic labor market risk},
  author={Storesletten, Kjetil and Telmer, Chris I and Yaron, Amir},
  journal={Journal of political Economy},
  volume={112},
  number={3},
  pages={695--717},
  year={2004},
  publisher={The University of Chicago Press}
}

@article{guvenen2014nature,
  title={The nature of countercyclical income risk},
  author={Guvenen, Fatih and Ozkan, Serdar and Song, Jae},
  journal={Journal of Political Economy},
  volume={122},
  number={3},
  pages={621--660},
  year={2014},
  publisher={University of Chicago Press Chicago, IL}
}
